<record><leader>00000cas a2200000 a 4500</leader><controlfield tag="001">45188601</controlfield><controlfield tag="007">hd afu---bucu</controlfield><controlfield tag="008">001018d18751889gauwr nea     0    0eng c</controlfield><datafield ind1=" " ind2=" " tag="010"><subfield code="a">   00253053 </subfield></datafield><datafield ind1=" " ind2=" " tag="040"><subfield code="a">WAU</subfield><subfield code="b">eng</subfield><subfield code="c">WAU</subfield><subfield code="d">OCLCQ</subfield><subfield code="d">OCLCO</subfield><subfield code="d">OCLCQ</subfield></datafield><datafield ind1=" " ind2=" " tag="042"><subfield code="a">pcc</subfield></datafield><datafield ind1=" " ind2=" " tag="043"><subfield code="a">n-us-ga</subfield></datafield><datafield ind1="0" ind2="4" tag="245"><subfield code="a">The southerner &amp; appeal.</subfield></datafield><datafield ind1="1" ind2=" " tag="246"><subfield code="i">Also published as:</subfield><subfield code="a">Southerner and appeal</subfield></datafield><datafield ind1=" " ind2=" " tag="260"><subfield code="a">Irwinton, Ga. :</subfield><subfield code="b">C.N. Branan</subfield></datafield><datafield ind1=" " ind2=" " tag="300"><subfield code="a">volumes</subfield></datafield><datafield ind1=" " ind2=" " tag="310"><subfield code="a">Weekly</subfield></datafield><datafield ind1=" " ind2=" " tag="336"><subfield code="a">text</subfield><subfield code="b">txt</subfield><subfield code="2">rdacontent</subfield></datafield><datafield ind1=" " ind2=" " tag="337"><subfield code="a">microform</subfield><subfield code="b">h</subfield><subfield code="2">rdamedia</subfield></datafield><datafield ind1=" " ind2=" " tag="338"><subfield code="a">microfilm reel</subfield><subfield code="b">hd</subfield><subfield code="2">rdacarrier</subfield></datafield><datafield ind1="1" ind2=" " tag="362"><subfield code="a">Began in 1875; ceased in 1889.</subfield></datafield><datafield ind1=" " ind2=" " tag="550"><subfield code="a">Official organ of Wilkinson &amp; Twiggs Counties, &lt;Nov. 7, 1883&gt;-Jan. 30, 1884.</subfield></datafield><datafield ind1=" " ind2=" " tag="580"><subfield code="a">Formed by the union of: Appeal (Toombsboro, Ga.) (non-extant?), and: Southerner (Irwinton, Ga.) (non-extant?). Cf. Davidson, V. Hist. of Wilkinson Co., Ga.</subfield></datafield><datafield ind1=" " ind2=" " tag="580"><subfield code="a">Continued by: Gordon press (Gordon, Ga.) (non-extant?). Cf. Davidson, V. Hist. of Wilkinson Co., Ga.</subfield></datafield><datafield ind1=" " ind2=" " tag="588"><subfield code="a">Description based on: Vol. 8, no. 60 (Nov. 7, 1883).</subfield></datafield><datafield ind1=" " ind2=" " tag="588"><subfield code="a">Latest issue consulted: Vol. 9, no. 6 [i.e. 50] (Dec. 26, 1884).</subfield></datafield><datafield ind1=" " ind2=" " tag="533"><subfield code="a">Microfilm.</subfield><subfield code="b">Athens, Ga. :</subfield><subfield code="c">Filmed by the University of Georgia Libraries,</subfield><subfield code="d">1959.</subfield><subfield code="e">microfilm reels ; 35 mm.</subfield><subfield code="n">Filmed with other titles.</subfield></datafield><datafield ind1=" " ind2="0" tag="651"><subfield code="a">Irwinton (Ga.)</subfield><subfield code="v">Newspapers.</subfield></datafield><datafield ind1=" " ind2="0" tag="651"><subfield code="a">Wilkinson County (Ga.)</subfield><subfield code="v">Newspapers.</subfield></datafield><datafield ind1=" " ind2="0" tag="651"><subfield code="a">Twiggs County (Ga.)</subfield><subfield code="v">Newspapers.</subfield></datafield><datafield ind1=" " ind2=" " tag="752"><subfield code="a">United States</subfield><subfield code="b">Georgia</subfield><subfield code="c">Wilkinson</subfield><subfield code="d">Irwinton.</subfield></datafield><datafield ind1="1" ind2=" " tag="776"><subfield code="c">Original</subfield><subfield code="w">(DLC)sn 85027053</subfield><subfield code="w">(OCoLC)12936791</subfield></datafield><datafield ind1="1" ind2="4" tag="780"><subfield code="t">Appeal (Toombsboro, Ga.)</subfield></datafield><datafield ind1="1" ind2="4" tag="780"><subfield code="t">Southerner (Irwinton, Ga.)</subfield></datafield><datafield ind1="1" ind2="0" tag="785"><subfield code="t">Gordon press (Gordon, Ga.)</subfield></datafield><datafield ind1="1" ind2=" " tag="029"><subfield code="a">AU@</subfield><subfield code="b">000022029285</subfield></datafield></record>